@misc{polar_rectangular,
	note = {[Online; accessed 2023-12-18]},
	year = {2022},
	month = {may 9},
	publisher = {},
	title = {Polar {Coordinates}},
}

@book{oxford_dict, edition={6th}, title={The concise oxford dictionary of mathematics}, publisher={Oxford University Press}, author={Earl, Richard and Nicholson, James}, year={2021}} 
